<record><leader>00000cas a2200000 a 4500</leader><controlfield tag="001">14375041</controlfield><controlfield tag="008">861010d18851889waudn ne      0    0eng  </controlfield><datafield ind1=" " ind2=" " tag="010"><subfield code="a">sn 86072023 </subfield></datafield><datafield ind1=" " ind2=" " tag="040"><subfield code="a">DLC</subfield><subfield code="b">eng</subfield><subfield code="c">DLC</subfield><subfield code="d">SLZ</subfield><subfield code="d">CNK</subfield><subfield code="d">CNW</subfield><subfield code="d">DLC</subfield><subfield code="d">OCLCO</subfield><subfield code="d">OCLCQ</subfield><subfield code="d">OCLCF</subfield></datafield><datafield ind1="1" ind2=" " tag="029"><subfield code="a">AU@</subfield><subfield code="b">000020429889</subfield></datafield><datafield ind1=" " ind2=" " tag="042"><subfield code="a">pcc</subfield></datafield><datafield ind1=" " ind2=" " tag="043"><subfield code="a">n-us-wa</subfield></datafield><datafield ind1="0" ind2="0" tag="050"><subfield code="a">Newspaper</subfield></datafield><datafield ind1="0" ind2=" " tag="130"><subfield code="a">Morning review (Spokane Falls, Wash.)</subfield></datafield><datafield ind1="1" ind2="4" tag="245"><subfield code="a">The Morning review.</subfield></datafield><datafield ind1=" " ind2=" " tag="260"><subfield code="a">Spokane Falls, W.T. [Wash.] :</subfield><subfield code="b">Frank M. Dallam,</subfield><subfield code="c">1885-1889.</subfield></datafield><datafield ind1=" " ind2=" " tag="300"><subfield code="a">5 v. :</subfield><subfield code="b">ill. (chiefly advertisements)</subfield></datafield><datafield ind1=" " ind2=" " tag="310"><subfield code="a">Daily (except Monday),</subfield><subfield code="b">&lt;Mar. 12, 1886-&gt;</subfield></datafield><datafield ind1=" " ind2=" " tag="321"><subfield code="a">Daily (except Sunday),</subfield><subfield code="b">1885-1886</subfield></datafield><datafield ind1="0" ind2=" " tag="362"><subfield code="a">Vol. 3, no. 132 (Nov. 17, 1885)-no. 847 (July 6, 1889).</subfield></datafield><datafield ind1=" " ind2=" " tag="515"><subfield code="a">Numbering is irregular: June 21, 1889 called also vol. 8, no. 284; June 22, 1899 called also v. 8, no. 843, with numerous shifts and numbering duplication before ending with no. 847, July 6, 1889.</subfield></datafield><datafield ind1=" " ind2=" " tag="530"><subfield code="a">Also issued on microfilm from Microfilming Corp. of America; Washington State University.</subfield></datafield><datafield ind1=" " ind2="0" tag="651"><subfield code="a">Spokane (Wash.)</subfield><subfield code="v">Newspapers.</subfield></datafield><datafield ind1=" " ind2="7" tag="655"><subfield code="a">Newspapers.</subfield><subfield code="2">fast</subfield><subfield code="0">(OCoLC)fst01423814</subfield></datafield><datafield ind1=" " ind2="7" tag="651"><subfield code="a">Washington (State)</subfield><subfield code="z">Spokane.</subfield><subfield code="2">fast</subfield><subfield code="0">(OCoLC)fst01206731</subfield></datafield><datafield ind1=" " ind2=" " tag="752"><subfield code="a">United States</subfield><subfield code="b">Washington</subfield><subfield code="c">Spokane</subfield><subfield code="d">Spokane.</subfield></datafield><datafield ind1=" " ind2=" " tag="752"><subfield code="a">United States</subfield><subfield code="b">Washington</subfield><subfield code="c">Spokane</subfield><subfield code="d">Spokane Falls.</subfield></datafield><datafield ind1="0" ind2=" " tag="775"><subfield code="t">Spokane Falls review (Spokane Falls, Wash. : 1883)</subfield><subfield code="w">(DLC)sn 86072021</subfield></datafield><datafield ind1="0" ind2="0" tag="780"><subfield code="t">Spokane evening review</subfield><subfield code="w">(DLC)sn 86072025</subfield></datafield><datafield ind1="0" ind2="0" tag="785"><subfield code="t">Spokane Falls review (Spokane Falls, Wash. : 1889)</subfield><subfield code="w">(DLC)sn 86072022</subfield></datafield></record>